@article{gilmore_childrens_2016,
	title = {Children's {Brain} {Responses} to {Optic} {Flow} {Vary} by {Pattern} {Type} and {Motion} {Speed}},
	volume = {11},
	issn = {1932-6203},
	url = {http://journals.plos.org/plosone/article?id=10.1371/journal.pone.0157911},
	doi = {10.1371/journal.pone.0157911},
	number = {6},
	urldate = {2016-09-20TZ},
	journal = {PLOS ONE},
	author = {Gilmore, Rick O. and Thomas, Amanda L. and Fesi, Jeremy},
	month = jun,
	year = {2016},
	keywords = {Adults, Behavior, Cognitive science, Electroencephalography, Eye movements, Infants, Scanning electron microscopy, Vision},
	pages = {e0157911}
}

@article{fesi_cortical_2014,
	title = {Cortical responses to optic flow and motion contrast across patterns and speeds},
	volume = {100},
	issn = {0042-6989},
	url = {http://www.sciencedirect.com/science/article/pii/S0042698914000765},
	doi = {10.1016/j.visres.2014.04.004},
	urldate = {2015-05-02TZ},
	journal = {Vision Research},
	author = {Fesi, Jeremy D. and Thomas, Amanda L. and Gilmore, Rick O.},
	month = jul,
	year = {2014},
	keywords = {Motion, Motion contrast, Optic flow, SSVEP, electrophysiology},
	pages = {56--71}
}

@article{fesi_distinct_2011,
	title = {Distinct cortical responses to 2D figures defined by motion contrast},
	volume = {51},
	issn = {0042-6989},
	url = {http://www.sciencedirect.com/science/article/pii/S0042698911002616},
	doi = {10.1016/j.visres.2011.07.015},
	number = {19},
	urldate = {2015-05-02TZ},
	journal = {Vision Research},
	author = {Fesi, Jeremy D. and Yannes, Michael P. and Brinckman, Danielle D. and Norcia, Anthony M. and Ales, Justin M. and Gilmore, Rick O.},
	month = oct,
	year = {2011},
	keywords = {Adolescent, Adult, Contrast sensitivity, Evoked Potentials, Evoked Potentials, Visual, Female, Figure segmentation, Humans, Linear Models, Male, Motion Perception, Motion processing, Photic Stimulation, Visual Cortex, Young Adult, electrophysiology},
	pages = {2110--2120}
}